<?xml version="1.0" encoding="UTF-8"?>
<record xmlns="http://www.loc.gov/MARC21/slim">
   <leader>00942cam a2200265 a 4500</leader>
   <controlfield tag="001">2316471</controlfield>
   <controlfield tag="008">990907s1999    abc          s000 00eng d</controlfield>
   <datafield tag="035" ind1=" " ind2=" ">
      <subfield code="a">ocn463287352</subfield>
   </datafield>
   <datafield tag="040" ind1=" " ind2=" ">
      <subfield code="a">AEEN</subfield>
      <subfield code="b">eng</subfield>
   </datafield>
   <datafield tag="090" ind1=" " ind2=" ">
      <subfield code="a">HD 2768 C25 A3 H69 1999</subfield>
      <subfield code="b">AEU</subfield>
   </datafield>
   <datafield tag="090" ind1=" " ind2=" ">
      <subfield code="a">EUB Guide 61 1999</subfield>
      <subfield code="b">AEEN</subfield>
   </datafield>
   <datafield tag="240" ind1="0" ind2="0">
      <subfield code="a">How the EUB responds to utility customer service complaints.</subfield>
   </datafield>
   <datafield tag="245" ind1="0" ind2="0">
      <subfield code="a">How the EUB responds to utility customer service complaints 1999</subfield>
   </datafield>
   <datafield tag="260" ind1=" " ind2=" ">
      <subfield code="a">Calgary, Alta :</subfield>
      <subfield code="b">Albert Energy and Utilities Board,</subfield>
      <subfield code="c">1999.</subfield>
   </datafield>
   <datafield tag="300" ind1=" " ind2=" ">
      <subfield code="a">6 p. ;</subfield>
      <subfield code="c">25 cm.</subfield>
   </datafield>
   <datafield tag="336" ind1=" " ind2=" ">
      <subfield code="a">text</subfield>
      <subfield code="b">txt</subfield>
      <subfield code="2">rdacontent</subfield>
   </datafield>
   <datafield tag="337" ind1=" " ind2=" ">
      <subfield code="a">unmediated</subfield>
      <subfield code="b">n</subfield>
      <subfield code="2">rdamedia</subfield>
   </datafield>
   <datafield tag="338" ind1=" " ind2=" ">
      <subfield code="a">volume</subfield>
      <subfield code="b">nc</subfield>
      <subfield code="2">rdacarrier</subfield>
   </datafield>
   <datafield tag="490" ind1="1" ind2=" ">
      <subfield code="a">EUB guide ;</subfield>
      <subfield code="v">61.</subfield>
   </datafield>
   <datafield tag="596" ind1=" " ind2=" ">
      <subfield code="a">2 48</subfield>
   </datafield>
   <datafield tag="650" ind1=" " ind2="0">
      <subfield code="a">Public utilities</subfield>
      <subfield code="z">Alberta</subfield>
      <subfield code="x">Rates.</subfield>
   </datafield>
   <datafield tag="650" ind1=" " ind2="0">
      <subfield code="a">Consumer complaints</subfield>
      <subfield code="z">Alberta.</subfield>
   </datafield>
   <datafield tag="710" ind1="2" ind2=" ">
      <subfield code="a">Alberta Energy and Utilities Board.</subfield>
   </datafield>
   <datafield tag="830" ind1=" " ind2="0">
      <subfield code="a">Guide (Alberta Energy and Utilities Board) ;</subfield>
      <subfield code="v">61.</subfield>
   </datafield>
   <datafield tag="926" ind1=" " ind2=" ">
      <subfield code="a">AGL_CAP</subfield>
      <subfield code="b">ON_SHELF</subfield>
      <subfield code="c">EUB Guide 61 1999</subfield>
      <subfield code="d">NO_LOAN</subfield>
      <subfield code="f">1</subfield>
   </datafield>
   <datafield tag="926" ind1=" " ind2=" ">
      <subfield code="a">UASCITECH</subfield>
      <subfield code="b">ON_SHELF</subfield>
      <subfield code="c">HD 2768 C25 A3 H69 1999</subfield>
      <subfield code="d">BOOK</subfield>
      <subfield code="f">1</subfield>
   </datafield>
</record>
